<?xml version="1.0" encoding="UTF-8"?><collection xmlns="http://www.loc.gov/MARC21/slim"><record><leader>00620nam--2200181-i-4500</leader><controlfield tag="001">000034938</controlfield><controlfield tag="002">20161230</controlfield><controlfield tag="005">20161230201040</controlfield><controlfield tag="008">060222s1000------------r-----000-0-fre-d</controlfield><datafield ind1=" " ind2=" " tag="040"><subfield code="a">IFIN-HH</subfield></datafield><datafield ind1=" " ind2=" " tag="041"><subfield code="a">fre</subfield></datafield><datafield ind1=" " ind2=" " tag="080"><subfield code="a">537.222.22(043)</subfield></datafield><datafield ind1="1" ind2=" " tag="100"><subfield code="a">Nougier, Jean-pierre</subfield></datafield><datafield ind1="1" ind2="0" tag="245"><subfield code="a">Contribution a l`etude du regime de porteux chauds. mobilite, coefficients de diffusion et temperatures equivalentes de bruit dans le germanium de type p</subfield><subfield code="b">These</subfield><subfield code="c">Jean-pierre nougier</subfield></datafield><datafield ind1=" " ind2=" " tag="260"><subfield code="a">Montpellier</subfield><subfield code="b">Universite De Sciences Et Techniques</subfield><subfield code="c">1972</subfield></datafield><datafield ind1=" " ind2=" " tag="300"><subfield code="a">319P</subfield></datafield><datafield ind1=" " ind2=" " tag="852"><subfield code="a">78138</subfield><subfield code="c">539.2</subfield></datafield><datafield ind1=" " ind2=" " tag="CAT"><subfield code="a">Sys</subfield><subfield code="c">20121127</subfield><subfield code="h">163837</subfield></datafield></record></collection>